@Article{ dbscan,
	title = "A density-based algorithm for discovering clusters in large spatial databases with noise",
	author = "Martin Ester and Hans-Peter Kriegel and Jorg Sander and Xianowei Xu",
	journal = "Proceedings of the Second International Conference on Knowledge Discovery and Data Mining",
	number = "KDD-96",
	year = "1996"
}

@Article{ denclue,
	title = "An Efficient Approach to Clustering in Large Multimedia Databases with Noise",
	author = "Alexander Hinneburg and Daniel A. Keimm",
	year = "1998"
}

